@article{smith2004sir,
  title={The SIR model for spread of disease-the differential equation model},
  author={Smith, David and Moore, Lang and others},
  journal={Convergence},
  year={2004}
}
